<record><leader>00000cas a22000007a 4500</leader><controlfield tag="001">13457719</controlfield><controlfield tag="008">860419d18721887nvuwr ne      0    0eng d</controlfield><datafield ind1=" " ind2=" " tag="010"><subfield code="a">sn 86091341 </subfield></datafield><datafield ind1=" " ind2=" " tag="040"><subfield code="a">UNP</subfield><subfield code="b">eng</subfield><subfield code="c">UNP</subfield><subfield code="d">NNX</subfield><subfield code="d">CNK</subfield><subfield code="d">OCLCQ</subfield></datafield><datafield ind1=" " ind2=" " tag="042"><subfield code="a">msc</subfield></datafield><datafield ind1=" " ind2="4" tag="050"><subfield code="a">AN2.N3</subfield><subfield code="b">W43</subfield></datafield><datafield ind1="0" ind2="4" tag="245"><subfield code="a">The Weekly Elko independent.</subfield></datafield><datafield ind1=" " ind2=" " tag="260"><subfield code="a">Elko, Nev. :</subfield><subfield code="b">W.B. Taylor,</subfield><subfield code="c">1872-1887.</subfield></datafield><datafield ind1=" " ind2=" " tag="300"><subfield code="a">17 v. :</subfield><subfield code="b">ill. (chiefly ads.)</subfield></datafield><datafield ind1=" " ind2=" " tag="310"><subfield code="a">Weekly</subfield></datafield><datafield ind1="0" ind2=" " tag="362"><subfield code="a">Vol. 5. no. 26 (June 1, 1872)-v. 21, no. 4 (Jan. 23, 1887).</subfield></datafield><datafield ind1=" " ind2=" " tag="525"><subfield code="a">Supplements accompany some issues.</subfield></datafield><datafield ind1=" " ind2=" " tag="580"><subfield code="a">Daily ed.: Daily independent (Elko, Nev.); Daily Elko independent.</subfield></datafield><datafield ind1=" " ind2=" " tag="752"><subfield code="a">United States</subfield><subfield code="b">Nevada</subfield><subfield code="c">Elko</subfield><subfield code="d">Elko.</subfield></datafield><datafield ind1="1" ind2=" " tag="775"><subfield code="t">Daily independent (Elko, Nev.)</subfield><subfield code="w">(DLC)sn 84020355</subfield><subfield code="w">(OCoLC)10665985</subfield></datafield><datafield ind1="1" ind2=" " tag="775"><subfield code="t">Daily Elko independent</subfield><subfield code="w">(DLC)sn 86076417</subfield><subfield code="w">(OCoLC)14394412</subfield></datafield><datafield ind1="0" ind2="0" tag="780"><subfield code="t">Elko independent (Elko, Nev. : 1869)</subfield><subfield code="w">(DLC)sn 84022043</subfield><subfield code="w">(OCoLC)10266554</subfield></datafield><datafield ind1="0" ind2="0" tag="785"><subfield code="t">Weekly independent (Elko, Nev. : 1887)</subfield><subfield code="w">(DLC)sn 86076366</subfield></datafield></record>